<?xml version="1.0" encoding="UTF-8"?><collection xmlns="http://www.loc.gov/MARC21/slim"><record><leader>00416nam--2200181-u-4500</leader><controlfield tag="001">000051039</controlfield><controlfield tag="002">20161230</controlfield><controlfield tag="005">20170108235216</controlfield><controlfield tag="008">080514s1000------------r-----000-0-eng-d</controlfield><datafield ind1=" " ind2=" " tag="040"><subfield code="a">IFIN-HH</subfield></datafield><datafield ind1=" " ind2=" " tag="080"><subfield code="a">512</subfield></datafield><datafield ind1="1" ind2=" " tag="100"><subfield code="a">Kargapolov, M.I</subfield></datafield><datafield ind1="1" ind2="0" tag="245"><subfield code="a">Osnovy Teorii Grupp</subfield></datafield><datafield ind1=" " ind2=" " tag="260"><subfield code="a">Moskva</subfield><subfield code="b">Nauka</subfield><subfield code="c">1977</subfield></datafield><datafield ind1=" " ind2=" " tag="300"><subfield code="a">238 p</subfield></datafield><datafield ind1=" " ind2=" " tag="700"><subfield code="a">Merzlyakov,Yu,I</subfield></datafield><datafield ind1=" " ind2=" " tag="852"><subfield code="a">46127</subfield><subfield code="c">512</subfield></datafield><datafield ind1=" " ind2=" " tag="CAT"><subfield code="a">SYS</subfield><subfield code="c">20170108</subfield><subfield code="h">235216</subfield></datafield></record></collection>